%%%%%%%%%%%%%%%%%%%%%%%%%%%%%%%%%%%%%%%%%%%%%%%%%%%%%%%%%%%%%%%%%%%%%%%%%%%%%%%%
%%
%% Список литературы
%%
%%%%%%%%%%%%%%%%%%%%%%%%%%%%%%%%%%%%%%%%%%%%%%%%%%%%%%%%%%%%%%%%%%%%%%%%%%%%%%%%

@book{itsykson,
    author = {Глухих М.И. and Ицыксон В.М.},
    title = {Программная инженерия. Обеспечение качества программных средств методами статического анализа},
    publisher = {Издательство Политехнического университета},
    address = {Санкт Петербург},
    year = {2011},
    language = {russian}
}

@book{kulyamin,
    author = {Кулямин В.В.},
    title = "{Методы верификации программного обеспечения}",
    publisher = "{Институт системного программирования РАН}",
    year = "{2008}",
    language = {russian}
}

@article{formal_methods,
    author = {С. П. Ковалёв},
    title = "{Применение формальных методов для обеспечения
качества вычислительных систем}",
    journal = "{Вестник Новосибирского государственного университета}",
    volume = "IV",
    number = "2",
    pages = "49–74",
    year = "2004",
    language = {russian}
}

@inproceedings{Vieira2006,
  address = {New York, NY, USA},
  author = {Vieira, Marlon and Leduc, Johanne and Hasling, Bill and Subramanyan, Rajesh and Kazmeier, Juergen},
  booktitle = {AST '06: Proceedings of the 2006 international workshop on Automation of software test},
  location = {Shanghai, China},
  pages = {9--14},
  publisher = {ACM},
  title = {Automation of GUI testing using a model-driven approach},
  year = 2006
}

@inproceedings{runtime_verification,
  author = {Barnett, Mike and Schulte, Wolfram},
  booktitle = {Proc. of the Workshop on Specification and Verification of Component- Based Systems OOPSLA 2001},
  title = {Spying on Components: A Runtime Verification Technique},
  year = 2001
}
%%%%%%%%%%%%%%%%%%%%%%%%%%%%%%%%%%%%%%%%%%%%%%%%%%%%%%%%%%%%%%%%%%%%%%%%%%%%%%%%
