@book{Itsykson,
    author = {Глухих М.И. and Ицыксон В.М.},
    title = {Программная инженерия. Обеспечение качества программных средств методами статического анализа},
    publisher = {Издательство Политехнического университета},
    address = {Санкт Петербург},
    year = {2011}
}

@book{Kulyamin,
    author = {Кулямин В.В.},
    title = "{Методы верификации программного обеспечения}",
    publisher = "{Институт системного программирования РАН}",
    year = "{2008}"
}

@misc{Quality,
    author = {Тетерук И. and Булат А.},
    title = "{Качество программного обеспечения}",
    howpublished = {\url{http://www.protesting.ru/qa/quality.html}}
}

@article{SMILE,
    author = {Črt Gerlec and Gordana Rakić and Zoran Budimac and Marjan Heričko},
    title = "{A Programming Language Independent Framework for Metrics-based Software Evolution and Analysis}",
    journal = "{Computer Science and Information Systems}",
    volume = "{9}",
    number = "{3}",
    pages = "{1155-1186}",
    month = {Sep},
    year = {2012}
}

@InProceedings{LLVM:CGO04,
    author    = {Chris Lattner and Vikram Adve},
    title     = "{LLVM: A Compilation Framework for Lifelong Program Analysis \& Transformation}",
    booktitle = "{Proceedings of the 2004 International Symposium on Code Generation and Optimization (CGO'04)}",
    address   = {Palo Alto, California},
    month     = {Mar},
    year      = {2004}
}

@misc{Moose,
    author = {Tudor Girba},
    title = "{The Moose book}",
    howpublished = {\url{http://www.themoosebook.org/book}},
    year = {2011}
}
